<?xml version="1.0" encoding="UTF-8"?><record xmlns="http://www.loc.gov/MARC21/slim" xmlns:cinclude="http://apache.org/cocoon/include/1.0" xmlns:zs="http://www.loc.gov/zing/srw/">
  <leader>00518nz  a2200121n  4500</leader>
  <controlfield tag="001">n  97124572 </controlfield>
  <controlfield tag="003">DLC</controlfield>
  <controlfield tag="005">19971218155424.3</controlfield>
  <controlfield tag="008">971218n| acannaab|          |n aaa |||  </controlfield>
  <datafield tag="010" ind1=" " ind2=" ">
    <subfield code="a">n  97124572 </subfield>
  </datafield>
  <datafield tag="040" ind1=" " ind2=" ">
    <subfield code="a">DLC</subfield>
    <subfield code="c">DLC</subfield>
  </datafield>
  <datafield tag="100" ind1="1" ind2="0">
    <subfield code="a">Mumme, Jack L.</subfield>
  </datafield>
  <datafield tag="670" ind1=" " ind2=" ">
    <subfield code="a">Risk management for dentists, c1997:</subfield>
    <subfield code="b">t.p. (Jack L. Mumme) p. following t.p. verso (founder of Akros Enterprises, Inc.; member of Toastmaster International, National Writers Association, and International Television and Video Association; resides in Coronado, Calif.)</subfield>
  </datafield>
</record>